@book{zobel_writing_2015,
	title = {Writing for {Computer} {Science}},
	copyright = {Book},
	isbn = {978-1-4471-6639-9},
	language = {en},
	publisher = {Springer},
	author = {Zobel, Justin},
	month = feb,
	year = {2015}
}

@book{wazlawick_metodologia_2017,
	title = {Metodologia de {Pesquisa} para {Ciência} da {Computação}},
	copyright = {Book},
	isbn = {978-85-352-7783-8},
	language = {pt-BR},
	publisher = {Elsevier Brasil},
	author = {Wazlawick, Raul},
	month = oct,
	year = {2017}
}

@inproceedings{latinoware2024wegia,
 author = {Nilson Lazarin and Rafael Elias Escalfoni and Vinícius Ferreira},
 title = {WeGIA: Web Gerenciador para Instituições Assistenciais},
 booktitle = {Anais do XXI Congresso Latino-Americano de Software Livre e Tecnologias Abertas},
 location = {Foz do Iguaçu/PR},
 year = {2024},
 keywords = {},
 issn = {0000-0000},
 pages = {322--330},
 publisher = {SBC},
 address = {Porto Alegre, RS, Brasil},
 doi = {10.5753/latinoware.2024.245668},
 url = {https://sol.sbc.org.br/index.php/latinoware/article/view/31544}
}

@inproceedings{cardoso2019and,
  title={and Afonso Sales D School of Technology, PUCRS, Porto Alegre, RS 90619-900, Brazil telcio. cardoso@ edu. pucrs. br $\{$alan. santos, rafael. chanin, afonso. sales$\}$@ pucrs. br},
  author={Cardoso, Telcio Elui},
  booktitle={Software Business: 10th International Conference, ICSOB 2019, Jyv{\"a}skyl{\"a}, Finland, November 18--20, 2019, Proceedings},
  volume={370},
  pages={175},
  year={2019},
  organization={Springer Nature}
}

@article{braga2007visao,
  title={Vis{\~a}o geral das boas pr{\'a}ticas para constru{\c{c}}{\~a}o de softwares seguros},
  author={Braga, Alexandre Melo},
  journal={Revista T{\'e}cnica IPEP, S{\~a}o Paulo, SP},
  volume={7},
  number={2},
  pages={65--78},
  year={2007}
}

@article{perry2016funccao,
  title={Qual a fun{\c{c}}{\~a}o do m{\'e}todo no projeto?: um ensaio sobre o ensino de metodologia na gradua{\c{c}}{\~a}o},
  author={Perry, Gabriela Trindade},
  journal={Blucher Design Proceedings. Blucher},
  year={2016}
}

@article{sturmaplicaccao,
  title={Aplica{\c{c}}{\~a}o de padr{\~o}es de projeto no desenvolvimento de software para a melhoria da qualidade e da manutenibilidade},
  author={Sturm, Junior and da Silva, Madalena Pereira},
  journal={Revista RETEC},
  year={2014}
}

@mastersthesis{borges2022investigaccao,
  title={Uma investiga{\c{c}}{\~a}o sobre o impacto da d{\'\i}vida t{\'e}cnica em atividades de desenvolvimento de software},
  author={Borges, Adriano Rocha},
  school={Universidade Salvador (UNIFACS)},
  year={2022},
  publisher={Universidade Salvador},
  url={http://tede.unifacs.br/tede/handle/tede/897},
}

@article{souza2010contribuiccao,
  title={A contribui{\c{c}}{\~a}o do compartilhamento do conhecimento para o gerenciamento de riscos em projetos: um estudo na ind{\'u}stria de software},
  author={Souza, Y{\'o}ris Linhares and Vasconcelos, Maria Celeste Reis Lobo and Judice, Val{\'e}ria Maria Martins and Jamil, George Leal},
  journal={JISTEM-Journal of Information Systems and Technology Management},
  volume={7},
  pages={183--204},
  year={2010},
  publisher={SciELO Brasil}
}

@article{pimentel2020dsr,
  author={Pimentel, Mariano and Filippo, Denise and Santos, Thiago Marcondes dos},
  title={Design Science Research: pesquisa científica atrelada ao design de artefatos},
  journal={RE@D - Revista de Educação a Distância e Elearning},
  volume={3},
  number={1},
  year={2020},
  month={março--abril},
}